@inproceedings{BK_pulse_TS,
			title={Determination of the Thiele-Small parameters using two-channel FFT analysis},
			author={Struck, Christopher J.},
			booktitle={Audio Engineering Society Convention 82},
			year={1987},
			organization={Audio Engineering Society}
}

@techreport{norma,
			type = {norma},
			title = {EN 60268-5 -- Urządzenia systemów elektroakustycznych -- Część~5: Głośniki},
			institution = {Polski Komitet Normalizacyjny},
			year = {2003}
}

@conference{aes_roznice,
			title = {Determining Manufacture Variation in Loudspeakers Through Measurement of Thiele/Small Parameters},
			author = {Laurin, Scott and Reichard, Karl},
			booktitle = {Audio Engineering Society Convention 125},
			month = {Oct},
			year = {2008},
			url = {http://www.aes.org/e-lib/browse.cfm?elib=14741}
}
